@article{Prospector,
	author = "David Mandelin and Lin Xu and Rastislav Bodik and Doug Kimelman",
	title = "Jungloid Mining: Helping to Navigate the API Junge",
	journal = "PLDI",
	pages = "48--61",
	year = "2005"
}